% Books, by year
@BOOK{dowtywallpeters:montague,
	author="D. R. Dowty and R. E. Wall and S. Peters",
	title="Introduction to Montague Semantics",
	publisher="D. Reidel Publishing Company",
	address="Dodrecht, Holland; Boston MA, USA; London, England",
	year=1981,
	pages=313,
}

@BOOK{kampreyle:drt,
	author= "Hans Kamp and Uwe Reyle",
	title= "From Discourse to Logic. Introduction of Modeltheoretic Semantics of Natural Language, Formal Logic and Discourse Representation Theory",
	year=1993,
	publisher="Kluwer Academics"
}

@BOOK{heimkratzer:gensem,
	author="I. Heim and A. Kratzer",
	title="Semantics in Generative Grammar",
	publisher="Blackwell Publishing",
	pages=324,
	address="Malden MA, USA",
	year=1998,
}

@BOOK{blackburnbos:cl1,
	author =        {Blackburn, Patrick and Bos, Johan},
	title =         {Representation and Inference for Natural Language. A First Course in Computational Semantics},
	publisher =     {CSLI},
	year =          {2005}
}

% collections/proceedings, by year
@article{ptq,
	author = {Richard Montague},
	title  = {The Proper Treatment of Quantifiers in Ordinary English},
	year   = 1973,
	editor = {K. Hintikka, J. Moravcsik, P. Suppes},
	journal= { Approaches to Natural Language},
	pages  = { 247-270 },
}

@article{hamblin:1973,
	author =        {C. Hamblin},
	title  =        {Questions in Montague English},
	year   =        {1973},
	journal =       {Foundations of Language},
	pages   =       {41-53},
	volume  =       {10},
}

@article{karttunen:1977,
	author = {Lauri Karttunen},
	title  = {Syntax and Semantics of Questions},
	journal ={Linguistics and Philosophy},
	volume  = 1,
	publisher = {Max Niemeyer Verlag},
	year    = 1977,
	pages   = {3-44},
}

@article{gs:sqpa,
	author = {J. Groenendijk and M. Stokhof},
	title = {On the Semantics of Questions and the Pragmatics of Answers},
	editor = {F. Landman and F. Veltman},
	journal = {Groningen-Amsterdam Studies in Semantics},
	volume = 3,
	year = 1984,
	pages = {143-170},
}

@article{gs:sahwq,
	author = {J. Groenendijk and M. Stokhof},
	title = {Semantic Analysis of WH-Complements},
	journal = {Linguistics and Philosophy},
	volume = {5},
	pages = {175-233},
	year = 1982,
}



@article{baker:1970,
	author = {C. L. Baker},
	journal = {International Journal of Language and Philosophy},
	title = {Notes on the Description of English Questions: The Role of an Abstract Question Morpheme},
	volume  = 6,
	year = 1970,
	pages = {197-219},
	publisher = {D. Reidel Publishing Company}
}

@incollection{blackburnEtAl:2001,
	author =        {Blackburn, Patrick and Bos, Johan and Kohlhase, Michael and De Nivelle, Hans},
	title =         {Inference and Computational Semantics},
	editor =        {Bunt, Harry and Muskens, R. and Thijsse, E.},
	booktitle =     {Computing Meaning Volume II},
	pages =         {11--28},
	publisher =     {Kluwer Academic Publishers},
	year =          {2001}  
}

@inproceedings{ gelfond88stable,
    author = "Michael Gelfond and Vladimir Lifschitz",
    title = "The Stable Model Semantics for Logic Programming",
    booktitle = "Proceedings of the Fifth International Conference on Logic Programming",
    publisher = "The {MIT} Press",
    address = "Cambridge, Massachusetts",
    editor = "Robert A. Kowalski and Kenneth Bowen",
    pages = "1070--1080",
    year = "1988",
    url = "citeseer.ist.psu.edu/gelfond88stable.html" }



% unpublished books, alphabetical, by author
@UNPUBLISHED{blackburnbos:cl2,
	author =        {Blackburn, Patrick and Bos, Johan},
	title =         {Working with Discourse Representation Theory. An Advanced Course in Computational Semantics},
	note =          {Second Volume of Blackburn \& Bos 2005, dealing with DRT. Draft as of June 2008},
	year =          {to appear}
}

@UNPUBLISHED{stechow:satzsemantik,
	author="Arnim von Stechow",
	title="Schritte zur Satzsemantik",
	note="Originally written as a script to A. von Stechow's 
		undergraduate introduction to semantics",
}

% unpublished miscellanea

@unpublished{jaeger:1997,
	author = {Gerhard JÃ¤ger},
	title = {Common Grounds, Questions and Relevance},
	year = {1997, unpublished},
	note = {Draft, as of July 8, 1997}
}

@misc{rooy-questions,
	author = "Robert van Rooy",
	year = 2004,
	title = "Questions and Relevance",
	url = "citeseer.ist.psu.edu/vanrooy04questions.html" 
}

@misc{gallin:ty2,
	author = {D. Gallin},
	year = 1975,
	title = {Intensional and Higher-Order Modal Logic}
}

% miscellanea
@misc{ frank96context,
	author = "A. Frank",
	title = "Context Dependence in Modal Constructions",
	text = "Frank, A.: 1996, Context Dependence in Modal Constructions, Ph.D. dissertation,
	University of Stuttgart.",
	year = "1996",
	url = "citeseer.ist.psu.edu/frank96context.html" 
}
